<?xml version="1.0" encoding="UTF-8"?>
<collection xmlns:xsi="http://www.w3.org/2001/XMLSchema-instance" xsi:schemaLocation="http://www.loc.gov/MARC21/slim http://www.loc.gov/standards/marcxml/schema/MARC21slim.xsd" xmlns="http://www.loc.gov/MARC21/slim">
<record>
  <leader>01186cam a2200265 i 4500</leader>
  <controlfield tag="001">38022</controlfield>
  <controlfield tag="003">NNC</controlfield>
  <controlfield tag="005">20150817132456.0</controlfield>
  <controlfield tag="008">810121s1913    ua            000 0 ara d</controlfield>
  <datafield tag="035" ind1=" " ind2=" ">
    <subfield code="a">(OCoLC)77994926</subfield>
  </datafield>
  <datafield tag="035" ind1=" " ind2=" ">
    <subfield code="a">(OCoLC)ocm77994926</subfield>
  </datafield>
  <datafield tag="035" ind1=" " ind2=" ">
    <subfield code="a">(CStRLIN)NYCG21102708-B</subfield>
  </datafield>
  <datafield tag="035" ind1=" " ind2=" ">
    <subfield code="9">AAE0107CU</subfield>
  </datafield>
  <datafield tag="035" ind1=" " ind2=" ">
    <subfield code="a">(NNC)38022</subfield>
  </datafield>
  <datafield tag="035" ind1=" " ind2=" ">
    <subfield code="a">38022</subfield>
  </datafield>
  <datafield tag="040" ind1=" " ind2=" ">
    <subfield code="a">NNC</subfield>
    <subfield code="c">NNC</subfield>
  </datafield>
  <datafield tag="090" ind1=" " ind2=" ">
    <subfield code="a">PJ7641</subfield>
    <subfield code="b">.A28 1913</subfield>
  </datafield>
  <datafield tag="245" ind1="0" ind2="0">
    <subfield code="a">Dīwān al-ḥamāsah :</subfield>
    <subfield code="b">wa-huwa mā ikhtārahu /</subfield>
    <subfield code="c">Abū Tammām Ḥabīb ibn Aws al-Ṭāʾī min ashʻār al-ʻArab ; wa-ʻalayhi sharḥ yaḥullu gharīb mufradātihi wa-yubayyinu al-murād min abyātihi mukhtaṣar min sharḥ al-Tabrīzī wa-ghayrihi li-multazam ṭabʻihi ; [ḥaqqaqa] Muḥammad Saʻīd al-Rāfiʻī.</subfield>
  </datafield>
  <datafield tag="250" ind1=" " ind2=" ">
    <subfield code="a">al-Ṭabʻah 2. /</subfield>
    <subfield code="b">tamtāzu bi-tarājim al-shuʻarāʾ wa-dhikr sabab al-shiʻr maʻa ziyādat tahdhīb wa-tanqīḥ.</subfield>
  </datafield>
  <datafield tag="260" ind1=" " ind2=" ">
    <subfield code="a">Miṣr :</subfield>
    <subfield code="b">Maṭbaʻat al-Saʻādah,</subfield>
    <subfield code="c">1913.</subfield>
  </datafield>
  <datafield tag="300" ind1=" " ind2=" ">
    <subfield code="a">2 v. in 1 ;</subfield>
    <subfield code="c">20 cm.</subfield>
  </datafield>
  <datafield tag="500" ind1=" " ind2=" ">
    <subfield code="a">Vocalized text.</subfield>
  </datafield>
  <datafield tag="650" ind1=" " ind2="0">
    <subfield code="a">Arabic poetry</subfield>
    <subfield code="y">To 622.</subfield>
  </datafield>
  <datafield tag="700" ind1="1" ind2=" ">
    <subfield code="a">Rāfiʻ, Muḥammad Saʻīd.</subfield>
  </datafield>
  <datafield tag="700" ind1="0" ind2=" ">
    <subfield code="a">Abū Tammām Ḥabīb ibn Aws al-Ṭāʼī,</subfield>
    <subfield code="d">active 808-842.</subfield>
  </datafield>
  <datafield tag="955" ind1=" " ind2=" ">
    <subfield code="b">0023835540</subfield>
    <subfield code="d">glx</subfield>
    <subfield code="e">PJ7641 .A28 1913</subfield>
  </datafield>
</record>
</collection>